@article{batzolisConditionalImageGeneration2021,
	title        = {Conditional Image Generation with Score-Based Diffusion Models},
	author       = {Batzolis, Georgios and Stanczuk, Jan and Schönlieb, Carola-Bibiane and Etmann, Christian},
	publisher    = {arXiv},
	date         = 2021,
	version      = 1
}
@online{boysTweedieMomentProjected2023,
	title        = {Tweedie Moment Projected Diffusions For Inverse Problems},
	author       = {Boys, Benjamin and Girolami, Mark and Pidstrigach, Jakiw and Reich, Sebastian and Mosca, Alan and Akyildiz, O. Deniz},
	date         = {2023-11-22},
	eprinttype   = {arXiv},
	pubstate     = {preprint}
}
@online{brosseTamedUnadjustedLangevin2018,
	title        = {The Tamed Unadjusted Langevin Algorithm},
	author       = {Brosse, Nicolas and Durmus, Alain and Moulines, Éric and Sabanis, Sotirios},
	date         = {2018-11-25},
	eprinttype   = {arXiv}
}
@online{cardosoMonteCarloGuided2023,
	title        = {Monte Carlo Guided Diffusion for Bayesian Linear Inverse Problems},
	author       = {Cardoso, Gabriel and Idrissi, Yazid Janati El and Corff, Sylvain Le and Moulines, Eric},
	date         = {2023-10-25},
	eprinttype   = {arXiv}
}
@article{chenImportanceNoiseScheduling2023,
	title        = {On the Importance of Noise Scheduling for Diffusion Models},
	author       = {Chen, Ting},
	publisher    = {arXiv},
	date         = 2023,
	version      = 4
}
@article{chungDiffusionPosteriorSampling2022,
	title        = {Diffusion Posterior Sampling for General Noisy Inverse Problems},
	author       = {Chung, Hyungjin and Kim, Jeongsol and Mccann, Michael T. and Klasky, Marc L. and Ye, Jong Chul},
	publisher    = {arXiv},
	date         = 2022,
	version      = 3
}
@online{das2021,
	title        = {An Introduction to Diffusion Probabilistic Models},
	author       = {Das, Ayan},
	date         = {2021-12-04},
	langid       = {english}
}
@inproceedings{das2024buildingdiffusionmodels,
	title        = {Building Diffusion Model's Theory from Ground Up},
	author       = {Das, Ayan},
	year         = {May 7, 2024, 2024},
	booktitle    = {{{ICLR}} Blogposts 2024}
}
@online{dhariwalDiffusionModelsBeat2021,
	title        = {Diffusion Models Beat GANs on Image Synthesis},
	author       = {Dhariwal, Prafulla and Nichol, Alex},
	date         = {2021-06-01},
	eprinttype   = {arXiv}
}
@inproceedings{douDiffusionPosteriorSampling2023,
	title        = {Diffusion Posterior Sampling for Linear Inverse Problem Solving: A Filtering Perspective},
	shorttitle   = {Diffusion {{Posterior Sampling}} for {{Linear Inverse Problem Solving}}},
	author       = {Dou, Zehao and Song, Yang},
	date         = {2023-10-13},
	eventtitle   = {The {{Twelfth International Conference}} on {{Learning Representations}}},
	langid       = {english}
}
@online{heManifoldPreservingGuided2023,
	title        = {Manifold Preserving Guided Diffusion},
	author       = {He, Yutong and Murata, Naoki and Lai, Chieh-Hsin and Takida, Yuhta and Uesaka, Toshimitsu and Kim, Dongjun and Liao, Wei-Hsiang and Mitsufuji, Yuki and Kolter, J. Zico and Salakhutdinov, Ruslan and Ermon, Stefano},
	date         = {2023-11-27},
	eprinttype   = {arXiv}
}
@article{hoDenoisingDiffusionProbabilistic2020,
	title        = {Denoising Diffusion Probabilistic Models},
	author       = {Ho, Jonathan and Jain, Ajay and Abbeel, Pieter},
	publisher    = {arXiv},
	date         = 2020,
	version      = 2
}
@article{hoogeboomSimpleDiffusionEndtoend2023,
	title        = {Simple Diffusion: End-to-end Diffusion for High Resolution Images},
	shorttitle   = {Simple Diffusion},
	author       = {Hoogeboom, Emiel and Heek, Jonathan and Salimans, Tim},
	publisher    = {arXiv},
	date         = 2023,
	version      = 1
}
@online{janatiDivideandConquerPosteriorSampling2024,
	title        = {Divide-and-Conquer Posterior Sampling for Denoising Diffusion Priors},
	author       = {Janati, Yazid and Durmus, Alain and Moulines, Eric and Olsson, Jimmy},
	date         = {2024-03-17},
	eprinttype   = {arXiv}
}
@online{kawarDenoisingDiffusionRestoration2022,
	title        = {Denoising Diffusion Restoration Models},
	author       = {Kawar, Bahjat and Elad, Michael and Ermon, Stefano and Song, Jiaming},
	date         = {2022-10-12},
	eprinttype   = {arXiv}
}
@article{kingmaAutoEncodingVariationalBayes2013,
	title        = {Auto-Encoding Variational Bayes},
	author       = {Kingma, Diederik P and Welling, Max},
	publisher    = {arXiv},
	date         = 2013,
	version      = 11
}
@article{liDiffusionModelsImage2023,
	title        = {Diffusion Models for Image Restoration and Enhancement -- A Comprehensive Survey},
	author       = {Li, Xin and Ren, Yulin and Jin, Xin and Lan, Cuiling and Wang, Xingrui and Zeng, Wenjun and Wang, Xinchao and Chen, Zhibo},
	publisher    = {arXiv},
	date         = 2023,
	version      = 1
}
@article{liuConvNet2020s2022,
	title        = {A ConvNet for the 2020s},
	author       = {Liu, Zhuang and Mao, Hanzi and Wu, Chao-Yuan and Feichtenhofer, Christoph and Darrell, Trevor and Xie, Saining},
	publisher    = {arXiv},
	date         = 2022,
	version      = 2
}
@article{liuGenerativeDiffusionModels2023,
	title        = {Generative Diffusion Models on Graphs: Methods and Applications},
	shorttitle   = {Generative {{Diffusion Models}} on {{Graphs}}},
	author       = {Liu, Chengyi and Fan, Wenqi and Liu, Yunqing and Li, Jiatong and Li, Hang and Liu, Hui and Tang, Jiliang and Li, Qing},
	publisher    = {arXiv},
	date         = 2023,
	version      = 3
}
@article{luoUnderstandingDiffusionModels2022,
	title        = {Understanding Diffusion Models: A Unified Perspective},
	shorttitle   = {Understanding {{Diffusion Models}}},
	author       = {Luo, Calvin},
	publisher    = {arXiv},
	date         = 2022,
	version      = 1
}
@article{nicholGLIDEPhotorealisticImage2021,
	title        = {GLIDE: Towards Photorealistic Image Generation and Editing with Text-Guided Diffusion Models},
	shorttitle   = {{{GLIDE}}},
	author       = {Nichol, Alex and Dhariwal, Prafulla and Ramesh, Aditya and Shyam, Pranav and Mishkin, Pamela and McGrew, Bob and Sutskever, Ilya and Chen, Mark},
	publisher    = {arXiv},
	date         = 2021,
	version      = 3
}
@online{nicholImprovedDenoisingDiffusion2021,
	title        = {Improved Denoising Diffusion Probabilistic Models},
	author       = {Nichol, Alex and Dhariwal, Prafulla},
	date         = {2021-02-18},
	eprinttype   = {arXiv}
}
@article{oordNeuralDiscreteRepresentation2017,
	title        = {Neural Discrete Representation Learning},
	author       = {family=Oord, given=Aaron, prefix=van den, useprefix=false and Vinyals, Oriol and Kavukcuoglu, Koray},
	publisher    = {arXiv},
	date         = 2017,
	version      = 2
}
@article{peeblesScalableDiffusionModels2022,
	title        = {Scalable Diffusion Models with Transformers},
	author       = {Peebles, William and Xie, Saining},
	publisher    = {arXiv},
	date         = 2022,
	version      = 2
}
@online{pengImprovingDiffusionModels2024,
	title        = {Improving Diffusion Models for Inverse Problems Using Optimal Posterior Covariance},
	author       = {Peng, Xinyu and Zheng, Ziyang and Dai, Wenrui and Xiao, Nuoqian and Li, Chenglin and Zou, Junni and Xiong, Hongkai},
	date         = {2024-02-03},
	eprinttype   = {arXiv}
}
@article{pidstrigachScoreBasedGenerativeModels2022,
	title        = {Score-Based Generative Models Detect Manifolds},
	author       = {Pidstrigach, Jakiw},
	publisher    = {arXiv},
	date         = 2022,
	version      = 3
}
@online{relicLossyImageCompression2024,
	title        = {Lossy Image Compression with Foundation Diffusion Models},
	author       = {Relic, Lucas and Azevedo, Roberto and Gross, Markus and Schroers, Christopher},
	date         = {2024-04-12},
	eprinttype   = {arXiv}
}
@article{rombachHighResolutionImageSynthesis2021,
	title        = {High-Resolution Image Synthesis with Latent Diffusion Models},
	author       = {Rombach, Robin and Blattmann, Andreas and Lorenz, Dominik and Esser, Patrick and Ommer, Björn},
	publisher    = {arXiv},
	date         = 2021,
	version      = 2
}
@online{routFirstOrderTweedieSolving2023,
	title        = {Beyond First-Order Tweedie: Solving Inverse Problems Using Latent Diffusion},
	shorttitle   = {Beyond {{First-Order Tweedie}}},
	author       = {Rout, Litu and Chen, Yujia and Kumar, Abhishek and Caramanis, Constantine and Shakkottai, Sanjay and Chu, Wen-Sheng},
	date         = {2023-12-01},
	eprinttype   = {arXiv}
}
@article{sahariaPaletteImagetoImageDiffusion2021,
	title        = {Palette: Image-to-Image Diffusion Models},
	shorttitle   = {Palette},
	author       = {Saharia, Chitwan and Chan, William and Chang, Huiwen and Lee, Chris A. and Ho, Jonathan and Salimans, Tim and Fleet, David J. and Norouzi, Mohammad},
	publisher    = {arXiv},
	date         = 2021,
	version      = 2
}
@article{sahariaPhotorealisticTexttoImageDiffusion2022,
	title        = {Photorealistic Text-to-Image Diffusion Models with Deep Language Understanding},
	author       = {Saharia, Chitwan and Chan, William and Saxena, Saurabh and Li, Lala and Whang, Jay and Denton, Emily and Ghasemipour, Seyed Kamyar Seyed and Ayan, Burcu Karagol and Mahdavi, S. Sara and Lopes, Rapha Gontijo and Salimans, Tim and Ho, Jonathan and Fleet, David J and Norouzi, Mohammad},
	publisher    = {arXiv},
	date         = 2022,
	version      = 1
}
@inproceedings{song2023pseudoinverseguided,
	title        = {Pseudoinverse-Guided Diffusion Models for Inverse Problems},
	author       = {Song, Jiaming and Vahdat, Arash and Mardani, Morteza and Kautz, Jan},
	booktitle    = {International Conference on Learning Representations},
	date         = 2023
}
@article{songDenoisingDiffusionImplicit2020,
	title        = {Denoising Diffusion Implicit Models},
	author       = {Song, Jiaming and Meng, Chenlin and Ermon, Stefano},
	publisher    = {arXiv},
	date         = 2020,
	version      = 4
}
@online{songGenerativeModelingEstimating,
	title        = {Generative Modeling by Estimating Gradients of the Data Distribution},
	author       = {Song, Yang}
}
@article{songHowTrainYour2021,
	title        = {How to Train Your Energy-Based Models},
	author       = {Song, Yang and Kingma, Diederik P.},
	publisher    = {arXiv},
	date         = 2021,
	version      = 2
}
@online{songScoreBasedGenerativeModeling2021,
	title        = {Score-Based Generative Modeling through Stochastic Differential Equations},
	author       = {Song, Yang and Sohl-Dickstein, Jascha and Kingma, Diederik P. and Kumar, Abhishek and Ermon, Stefano and Poole, Ben},
	date         = {2021-02-10},
	eprinttype   = {arXiv}
}
@book{sussmanFunctionalDifferentialGeometry2013,
	title        = {Functional Differential Geometry},
	author       = {Sussman, Gerald Jay and Wisdom, Jack and Farr, Will},
	location     = {Cambridge, MA},
	publisher    = {The MIT Press},
	isbn         = {978-0-262-01934-7},
	date         = 2013,
	pagetotal    = 228
}
@article{tangWhatDAAMInterpreting2022,
	title        = {What the DAAM: Interpreting Stable Diffusion Using Cross Attention},
	shorttitle   = {What the {{DAAM}}},
	author       = {Tang, Raphael and Liu, Linqing and Pandey, Akshat and Jiang, Zhiying and Yang, Gefei and Kumar, Karun and Stenetorp, Pontus and Lin, Jimmy and Ture, Ferhan},
	publisher    = {arXiv},
	date         = 2022,
	version      = 5
}
@online{trippeDiffusionProbabilisticModeling2023,
	title        = {Diffusion Probabilistic Modeling of Protein Backbones in 3D for the Motif-Scaffolding Problem},
	author       = {Trippe, Brian L. and Yim, Jason and Tischer, Doug and Baker, David and Broderick, Tamara and Barzilay, Regina and Jaakkola, Tommi},
	date         = {2023-03-19},
	eprinttype   = {arXiv}
}
@article{vaswaniAttentionAllYou2017,
	title        = {Attention Is All You Need},
	author       = {Vaswani, Ashish and Shazeer, Noam and Parmar, Niki and Uszkoreit, Jakob and Jones, Llion and Gomez, Aidan N. and Kaiser, Lukasz and Polosukhin, Illia},
	publisher    = {arXiv},
	date         = 2017,
	version      = 7
}
@article{weng2021diffusion,
	title        = {What Are Diffusion Models?},
	author       = {Weng, Lilian},
	date         = {2021-07},
	journaltitle = {lilianweng.github.io}
}
@online{wuPracticalAsymptoticallyExact2023,
	title        = {Practical and Asymptotically Exact Conditional Sampling in Diffusion Models},
	author       = {Wu, Luhuan and Trippe, Brian L. and Naesseth, Christian A. and Blei, David M. and Cunningham, John P.},
	date         = {2023-06-30},
	eprinttype   = {arXiv}
}
@article{yangDiffusionModelsComprehensive2022,
	title        = {Diffusion Models: A Comprehensive Survey of Methods and Applications},
	shorttitle   = {Diffusion {{Models}}},
	author       = {Yang, Ling and Zhang, Zhilong and Song, Yang and Hong, Shenda and Xu, Runsheng and Zhao, Yue and Zhang, Wentao and Cui, Bin and Yang, Ming-Hsuan},
	publisher    = {arXiv},
	date         = 2022,
	version      = 11
}
@book{chopinIntroductionSequentialMonte2020,
	title        = {An Introduction to Sequential {{Monte Carlo}}},
	author       = {Chopin, Nicolas and Papaspiliopoulos, Omiros},
	publisher    = {Springer},
	series       = {Springer Series in Statistics},
	date         = 2020
}
