@article{AdaAroKre:71,
	title        = {Analytic properties of {S}chmidt pairs for a {H}ankel operator and the generalized {S}chur-{T}akagi problem},
	author       = {Adamjan, V. M. and Arov, D. Z. and Krein, M. G.},
	year         = 1971,
	journal      = {Mathematics of the USSR Sbornik},
	volume       = 15,
	pages        = {31--73}
}
@book{PavVdWNij:06,
	title        = {Uniform Output Regulation of Nonlinear Systems: A Convergent Dynamics Approach},
	author       = {Pavlov, A. and {van de Wouw}, N. and Nijmeijer, H.},
	year         = 2006,
	publisher    = {Birkh{\"a}user Boston},
	series       = {Systems \& Control: Foundations \& Applications}
}
